@book{peterson2011computer,
  title={Computer networks: a systems approach},
  author={Peterson, Larry L and Davie, Bruce S},
  year={2011},
  edition={fifth},
  publisher={Elsevier}
}
@article{bergero2011powerdevs,
  title={PowerDEVS: a tool for hybrid system modeling and real-time simulation},
  author={Bergero, Federico and Kofman, Ernesto},
  journal={Simulation},
  volume={87},
  number={1-2},
  pages={113--132},
  year={2011},
  publisher={Sage Publications Sage UK: London, England}
}
@misc{vastart,
  author = {STD},
  title = {std::va\_start},
  note = {http://www.cplusplus.com/reference/cstdarg/va\_start/}
}
@misc{vaarg,
  author = {STD},
  title = {std::va\_arg},
  note = {http://www.cplusplus.com/reference/cstdarg/va\_arg/}
}
@misc{dnsheader,
  author = {The TCP/IP Guide},
  title = {DNS Message Header and Question Section Format},
  note = {http://www.tcpipguide.com/free/t\_DNSMessageHeaderandQuestionSectionFormat.htm}
}